@techreport{commonCrawl,
		title = {Common Crawl}, 
		url = {https://commoncrawl.org},
		year = {2020}
		}
@techreport{generatingCdx,
		title = {Generating CDX}, 
		url = {https://github.com/helgeho/ArchiveSpark/blob/master/notebooks/Generating_CDX.ipynb},
		year = {2019}
		}
@techreport{linkExtraction,
		title = {Link Extraction}, 
		url = {https://github.com/helgeho/ArchiveSpark/blob/master/notebooks/Link_Extraction.ipynb},
		year = {2019}
		}
@techreport{enrichmentFunctions,
		title = {Enrichment Functions}, 
		url = {https://github.com/helgeho/ArchiveSpark/blob/master/docs/EnrichFuncs.md},
		year = {2019}
		}
@techreport{akkaTyped,
		title = {Akka Typed}, 
		url = {https://doc.akka.io/docs/akka/current/typed/index.html},
		year = {2019}
		}
@techreport{akkaHttp,
		title = {Akka HTTP},
		url = {https://doc.akka.io/docs/akka-http/current/index.html},
		year = {2019}
		}
@techreport{largeScaleGraphMiningWithSpark1,
		title = {Large-scale Graph Mining with Spark: Part 1},
		url = {https://towardsdatascience.com/large-scale-graph-mining-with-spark-750995050656},
		year = {2018}
		}
@techreport{largeScaleGraphMiningWithSpark2,
		title = {Large-scale Graph Mining with Spark: Part 2},
		url = {https://towardsdatascience.com/large-scale-graph-mining-with-spark-part-2-2c3d9ed15bb5},
		year = {2018}
		}
@techreport{archiveSpark,
		title = {ArchiveSpark README},
		url = {https://github.com/helgeho/ArchiveSpark},
		year = {2018}
		}
@techreport{ilprints422,
          number = {1999-66},
           month = {November},
          author = {Lawrence Page and Sergey Brin and Rajeev Motwani and Terry Winograd},
            note = {Previous number = SIDL-WP-1999-0120},
           title = {The PageRank Citation Ranking: Bringing Order to the Web.},
            type = {Technical Report},
       publisher = {Stanford InfoLab},
            year = {1999},
     institution = {Stanford InfoLab},
             url = {http://ilpubs.stanford.edu:8090/422/},
        abstract = {The importance of a Web page is an inherently subjective matter, which depends on the readers interests, knowledge and attitudes. But there is still much that can be said objectively about the relative importance of Web pages. This paper describes PageRank, a mathod for rating Web pages objectively and mechanically, effectively measuring the human interest and attention devoted to them. We compare PageRank to an idealized random Web surfer. We show how to efficiently compute PageRank for large numbers of pages. And, we show how to apply PageRank to search and to user navigation.}
}
@article{fruchterman1991graph,
  title={Graph drawing by force-directed placement},
  author={Fruchterman, Thomas MJ and Reingold, Edward M},
  journal={Software: Practice and experience},
  volume={21},
  number={11},
  pages={1129--1164},
  year={1991},
  publisher={Wiley Online Library}
}
@article{raghavan,
  title={Near linear time algorithm to detect community structures in large-scale networks},
  author={Raghavan, Usha, Albert, Reka, and Kumara, Soundar},
  journal={Physical Review},
  volume={76},
  number={3},
  year={2007},
}

@article{fortunato,
  title={Community detection in graphs},
  author={Fortunato, Santo},
  journal={Physics Reports},
  volume={486},
  number={3-5},
  year={2010},
}

@article{malliaros,
  title={Clustering and Community Detection in Directed Networks: A Survey},
  author={Malliaros, Fragkiskos and Vazirgiannis, Michalis},
  journal={Physics Reports},
  volume={533},
  number={4},
  year={2013},
}

@article{luxburg,
  title={A tutorial on spectral clustering},
  author={Luxburg, Ulrike},
  journal={Statistics and Computing},
  volume={17},
  number={4},
  pages={395-416}
  year={2007},
}
@techreport{archiveSparkPaper,
		title = {ArchiveSpark: Efficient Web Archive Access, Extraction, and Derivation}, 
		url = {https://www.helgeholzmann.de/papers/JCDL_2016_ArchiveSpark.pdf},
		year = {2016}
		}
