@ARTICLE{goodfellow_gan,
    author = {{Goodfellow}, Ian J. and {Pouget-Abadie}, Jean and {Mirza}, Mehdi and
    {Xu}, Bing and {Warde-Farley}, David and {Ozair}, Sherjil and
    {Courville}, Aaron and {Bengio}, Yoshua},
    title = "{Generative Adversarial Networks}",
    journal = {arXiv e-prints},
    keywords = {Statistics - Machine Learning, Computer Science - Machine Learning},
    year = "2014",
    month = "Jun",
    eid = {arXiv:1406.2661},
    pages = {arXiv:1406.2661},
    archivePrefix = {arXiv},
    eprint = {1406.2661},
    primaryClass = {stat.ML},
    adsurl = {https://ui.adsabs.harvard.edu/abs/2014arXiv1406.2661G},
    adsnote = {Provided by the SAO/NASA Astrophysics Data System}
}
@incollection{pan2015academic,
  title={Academic paper recommendation based on heterogeneous graph},
  author={Pan, Linlin and Dai, Xinyu and Huang, Shujian and Chen, Jiajun},
  booktitle={Chinese computational linguistics and natural language processing based on naturally annotated big data},
  pages={381--392},
  year={2015},
  publisher={Springer}
}

@article{yoo2017energy,
  title={Energy-based sequence gans for recommendation and their connection to imitation learning},
  author={Yoo, Jaeyoon and Ha, Heonseok and Yi, Jihun and Ryu, Jongha and Kim, Chanju and Ha, Jung-Woo and Kim, Young-Han and Yoon, Sungroh},
  journal={arXiv preprint arXiv:1706.09200},
  year={2017}
}
@Inbook{Lops2011,
author="Lops, Pasquale
and de Gemmis, Marco
and Semeraro, Giovanni",
editor="Ricci, Francesco
and Rokach, Lior
and Shapira, Bracha
and Kantor, Paul B.",
title="Content-based Recommender Systems: State of the Art and Trends",
bookTitle="Recommender Systems Handbook",
year="2011",
publisher="Springer US",
address="Boston, MA",
pages="73--105",
isbn="978-0-387-85820-3",
doi="10.1007/978-0-387-85820-3_3",
url="https://doi.org/10.1007/978-0-387-85820-3_3"
}

@inproceedings{irgan,
  title={Irgan: A minimax game for unifying generative and discriminative information retrieval models},
  author={Wang, Jun and Yu, Lantao and Zhang, Weinan and Gong, Yu and Xu, Yinghui and Wang, Benyou and Zhang, Peng and Zhang, Dell},
  booktitle={Proceedings of the 40th International ACM SIGIR conference on Research and Development in Information Retrieval},
  pages={515--524},
  year={2017}
}

@inproceedings{cai2018generative,
  title={Generative adversarial network based heterogeneous bibliographic network representation for personalized citation recommendation},
  author={Cai, Xiaoyan and Han, Junwei and Yang, Libin},
  booktitle={Thirty-second AAAI conference on artificial intelligence},
  year={2018}
}

@INPROCEEDINGS{hcv_data,
    author={M. {Nasr} and K. {El-Bahnasy} and M. {Hamdy} and S. M. {Kamal}},
    booktitle={2017 13th International Computer Engineering Conference (ICENCO)},
    title={A novel model based on non invasive methods for prediction of liver fibrosis},
    year={2017},
    volume={},
    number={},
    pages={276-281},
    keywords={diseases;liver;medical computing;patient diagnosis;physiological models;liver fibrosis progression diagnosis;classification models;liver biopsy;serial liver biopsies;noninvasive methods;Liver;Medical diagnostic imaging;Decision making;XML;Artificial neural networks;Machine learning algorithms;Subsumption;Minimal unique rules;Classification;Knowledge representation},
    doi={10.1109/ICENCO.2017.8289800},
    ISSN={},
    month={Dec}
}

@Online {UCI_repo,
    title = {UCI Machine Learning Repository: Hepatitis C Virus (HCV) for Egyptian patients Data Set},
    date = {2019-11-30},
    file = {:./references/ml-datasets-Hepatitis+C+Virus+%28HCV%29+for+Egyptian+patients.html:html},
    url = {https://archive.ics.uci.edu/ml/datasets/Hepatitis+C+Virus+%28HCV%29+for+Egyptian+patients},
    urldate = {2019-11-30}
}

@Online {fibrosis_stage,
    title = {Liver Fibrosis: Stages, Treatment, and Symptoms},
    date = {2019-11-30},
    file = {:./references/health-liver-fibrosis.html:html},
    url = {https://www.healthline.com/health/liver-fibrosis#symptoms},
    urldate = {2019-11-30}
}

@ARTICLE{tableGAN,
    author = {{Park}, Noseong and {Mohammadi}, Mahmoud and {Gorde}, Kshitij and
    {Jajodia}, Sushil and {Park}, Hongkyu and {Kim}, Youngmin},
    title = "{Data Synthesis based on Generative Adversarial Networks}",
    journal = {arXiv e-prints},
    keywords = {Computer Science - Databases, Computer Science - Cryptography and Security, H.3.4, I.2, K.6.5},
    year = "2018",
    month = "Jun",
    eid = {arXiv:1806.03384},
    pages = {arXiv:1806.03384},
    archivePrefix = {arXiv},
    eprint = {1806.03384},
    primaryClass = {cs.DB},
    adsurl = {https://ui.adsabs.harvard.edu/abs/2018arXiv180603384P},
    adsnote = {Provided by the SAO/NASA Astrophysics Data System}
}

@ARTICLE{TGAN,
    author = {{Xu}, Lei and {Veeramachaneni}, Kalyan},
    title = "{Synthesizing Tabular Data using Generative Adversarial Networks}",
    journal = {arXiv e-prints},
    keywords = {Computer Science - Machine Learning, Statistics - Machine Learning},
    year = "2018",
    month = "Nov",
    eid = {arXiv:1811.11264},
    pages = {arXiv:1811.11264},
    archivePrefix = {arXiv},
    eprint = {1811.11264},
    primaryClass = {cs.LG},
    adsurl = {https://ui.adsabs.harvard.edu/abs/2018arXiv181111264X},
    adsnote = {Provided by the SAO/NASA Astrophysics Data System}
}

@ARTICLE{DCGAN,
    author = {{Radford}, Alec and {Metz}, Luke and {Chintala}, Soumith},
    title = "{Unsupervised Representation Learning with Deep Convolutional Generative Adversarial Networks}",
    journal = {arXiv e-prints},
    keywords = {Computer Science - Machine Learning, Computer Science - Computer Vision and Pattern Recognition},
     year = "2015",
    month = "Nov",
      eid = {arXiv:1511.06434},
    pages = {arXiv:1511.06434},
    archivePrefix = {arXiv},
    eprint = {1511.06434},
    primaryClass = {cs.LG},
    adsurl = {https://ui.adsabs.harvard.edu/abs/2015arXiv151106434R},
    adsnote = {Provided by the SAO/NASA Astrophysics Data System}
}


@ARTICLE{DL_overview,
author = {Zhang, Shuai and Yao, Lina and Sun, Aixin and Tay, Yi},
title = {Deep Learning Based Recommender System: A Survey and New Perspectives},
year = {2019},
issue_date = {February 2019},
publisher = {Association for Computing Machinery},
address = {New York, NY, USA},
volume = {52},
number = {1},
issn = {0360-0300},
url = {https://doi.org/10.1145/3285029},
doi = {10.1145/3285029},
journal = {ACM Comput. Surv.},
month = feb,
articleno = {Article 5},
numpages = {38},
keywords = {deep learning, survey, Recommender system}
}
  
@ARTICLE{RecGAN,
author = {Bharadhwaj, Homanga and Park, Homin and Lim, Brian Y.},
title = {RecGAN: Recurrent Generative Adversarial Networks for Recommendation Systems},
year = {2018},
isbn = {9781450359016},
publisher = {Association for Computing Machinery},
address = {New York, NY, USA},
url = {https://doi.org/10.1145/3240323.3240383},
doi = {10.1145/3240323.3240383},
booktitle = {Proceedings of the 12th ACM Conference on Recommender Systems},
pages = {372–376},
numpages = {5},
keywords = {recommendation systems, recurrent neural networks, generative adversarial networks},
location = {Vancouver, British Columbia, Canada},
series = {RecSys ’18}
}
  




