@article{raghavan,
  title={Near linear time algorithm to detect community structures in large-scale networks},
  author={Raghavan, Usha, Albert, Reka, and Kumara, Soundar},
  journal={Physical Review},
  volume={76},
  number={3},
  year={2007},
}

@article{fortunato,
  title={Community detection in graphs},
  author={Fortunato, Santo},
  journal={Physics Reports},
  volume={486},
  number={3-5},
  year={2010},
}

@article{malliaros,
  title={Clustering and Community Detection in Directed Networks:
A Survey},
  author={Malliaros, Fragkiskos and Vazirgiannis, Michalis},
  journal={Physics Reports},
  volume={533},
  number={4},
  year={2013},
}

@article{luxburg,
  title={A tutorial on spectral clustering},
  author={Luxburg, Ulrike},
  journal={Statistics and Computing},
  volume={17},
  number={4},
  pages={395-416}
  year={2007},
}
